@book{optNW,
  title={Numerical Optimization},
  author={J. Nocedal, S.J. Wright},
  isbn={0-387-30303-0},
  year={2006},
  publisher={Springer Science+Business Media, LLC}
}

@book{MergingOptCtr,
  title={Merging Optimization and Control},
  author={B. Foss, T.A.N. Heirung},
  isbn={978-82-7842-200-7},
  year={2016},
  publisher={Department of Engineering Cybernetics  NTNU}
}

@book{Chen2014,
  title={Linear System Theory and Design},
  author={Chen, Chi-Tsong},
  isbn={9780199964543},
  year={2014},
  publisher={Oxford University Press, Incorporated}
}

@book{regtek,
    title={Reguleringsteknikk},
    author={J.G. Balchen, T. Andresen, B.A. Foss},
    isbn={978-82-7842-202-1},
    year={2016},
    publisher={Institutt for teknisk kybernetikk, NTNU}
}
